@online{mapatu,
    title   = {Mapa Turystyczna - opis ze Sklepu Play},
    url = {https://play.google.com/store/apps/details?id=pl.mapa_turystyczna.app&pcampaignid=web_share},
    urldate = {2024-06-14}
}

@online{mapycz,
    title         = {Mapy.cz - opis ze Sklepu Play},
    url           = {https://play.google.com/store/apps/details?id=cz.seznam.mapy&pcampaignid=web_share},
    urldate = {2024-06-14}
}

@online{java,
    title = {Język Java - dokumentacja},
    url = {https://docs.oracle.com/en/java/},
    urldate = {2024-07-05}
}

@online{osm,
    title = {osmdroid - biblioteka pozwalająca na użycie map w aplikacji},
    url = {https://github.com/osmdroid/osmdroid/wiki},
    urldate = {2024-06-14}
}

@online{androidstudio,
    title = {Android Studio - dokumentacja i opis},
    url = {https://developer.android.com/build-for-billions},
    urldate = {2024-06-14}
}

@online{tpnstat,
    title = {Tatrzańśki Park Narodowy - statystyki},
    url = {https://tpn.gov.pl/statystyki},
    urldate = {2024-11-07}
}

@online{firebase,
    title = {Firebase - dokumentacja dla aplikacji mobilnych},
    url = {https://firebase.google.com/docs/android/setup},
    urldate = {2024-11-15}
}

@online{ptt,
    title = {Polskie Towarzystwo Tatrzańskie - historia założenia},
    url = {https://www.ptt.org.pl/historia-ptt/},
    urldate = {2024-11-07}
}

@online{gmapsand,
    title = {Google Maps API dla aplikacji na urządzenia mobilne z systemem Android - dokumentacja},
    url = {https://developers.google.com/maps/documentation/android-sdk/overview?hl=pl},
    urldate = {2024-11-17}
}

@online{gmapsogol,
    title = {Google Maps Platform - dokumentacja},
    url = {https://developers.google.com/maps/documentation?hl=pl},
    urldate = {2024-11-17}
}

@online{tpn,
    title = {Tatrzański Park Narodowy - historia założenia},
    url = {https://portaltatrzanski.pl/wiedza/historia/tpn-dawniej-i-dzis,621},
    urldate = {2024-11-07}
}

@online{fireauth,
    title = {Firebase Authentication - dokumentacja},
    url = {https://firebase.google.com/docs/auth/android/start?hl=pl},
    urldate = {2024-11-15}
}

@book{firebase-book,
    author = {Ashok Kumar S},
    title = "Mastering Firebase for Android Development. Build real-time, scalable, and cloud-enabled Android apps with Firebase" ,
    publisher = {Packt Publishing} ,
    year = {2018}
}
@book{android-studio-book,
    author = {Płonkowski M.},
    title = "Android Studio. Tworzenie aplikacji mobilnych",
    publisher ={Helion},
    year = {2017}
}
@book{java-book,
    author = {Horstmann C. S.},
    title = "Java. Przewodnik doświadczonego programisty. Wydanie III",
    publisher = {Helion},
    year = {2023}
}


